@misc{wiki:primetheorem,
    author = "Wikipedia",
    title = "Prime number theorem",
    year = "2023",
    howpublished = "\url{https://en.wikipedia.org/wiki/Prime_number_theorem}",
    note = "[Online; accessed 2-November-2023]"
}
